% !TEX encoding = UTF-8 Unicode

@inproceedings{Roussel2006,
  title={Study of the \uppercase{UV}-enhancement of contamination: physics and modelling},
  author={Roussel, J. F. and Pereira, A. and Tondu, T. and Faye, D. and Van Eesbeek, M. and Schmeitzky, O.},
  booktitle={Proc. ISMSE-10},
  year={2006},
  language={english}
}

@inproceedings{Khizhik19,
  title={Влияние вида воздействующего излучения на потерю массы полимерного материала},
  author={Хижик, А. И. and Винтайкин, И. Б.},
  booktitle={Труды XХ Межвузовской научной школы молодых специалистов <<Концентрированные потоки энергии в космической технике, электронике,
экологии и медицине>>},
  year={2019},
  language={russian}
}

@techreport{Karaboga05,
  title={An idea based on honey bee swarm for numerical optimization},
  author={Karaboga, D.},
  year={2005},
  institution={Technical report-TR06, Erciyes University, Engineering Faculty, Computer Engineering Department},
  language = "english"
}

@incollection{Pham06,
  title={The bees algorithm -- a novel tool for complex optimisation problems},
  author={Pham, D. T. and Ghanbarzadeh, A. and Ko{\c{c}}, E. and Otri, S. and Rahim, S. and Zaidi, M.},
  booktitle={Intelligent production machines and systems},
  pages={454--459},
  year={2006},
  publisher={Elsevier},
  language = "english"
}

@BOOK{Crank75,
	title = "The Mathematics of Diffusion",
	author = "Crank, J.",
	publisher = "Oxford University Press",
	year = 1975,
	pages = 421,
	language = "english"
}

@BOOK{Frenkel75,
  title={Кинетическая теория жидкостей},
  author={Френкель, Я. И.},
  year={1975},
  publisher={Рипол Классик},
  language={russian}
}

@BOOK{Terlec66,
  title={Статистическая физика},
  author={Терлецкий, Я. П.},
  year={1966},
  publisher={Высшая школа},
  language={russian}
}

@BOOK{Chalah87,
	title = "Диффузия в полимерных системах",
	author = "Чалых, А. Е.",
	address = "М.",
	publisher = "Химия",
	year = 1987,
	pages = 312,
	language = "russian"
}

@BOOK{Stid07,
  title={Супрамолекулярная химия},
  author={Стид, Д. В. and Этвуд, Д. Л.},
  year={2007},
  publisher={Академкнига},
  language={russian}
}

@BOOK{Hiraoka82,
  title={Crown compounds: their characteristics and applications},
  author={Hiraoka, M.},
  volume={12},
  year={1982},
  publisher={Elsevier Science Ltd},
  language={english}
}

@BOOK{Novikov07,
	title = "Модель космоса: Научно-информационное издание: В 2 т. / Под ред. М.И. Панасюка, Л.С. Новикова. -- Т. 1: Физические условия в космическом пространстве",
	address = "М.",
	publisher = "КДУ",
	year = 2007,
	pages = 872,
	language = "russian"
}

@BOOK{Novikov07i,
	title = "Модель космоса: Научно-информационное издание: В 2 т. / Под ред. М.И. Панасюка, Л.С. Новикова. -- Т. 2: Воздействие космической среды на материалы и оборудование космических аппаратов",
	address = "М.",
	publisher = "КДУ",
	year = 2007,
	pages = 1144,
	language = "russian"
}

@BOOK{Tager07,
	title = "Физико-химия полимеров",
	author = "Тагер, А. А.",
	address = "М.",
	publisher = "Научный мир",
	year = 2007,
	pages = 576,
	language = "russian"
}

@BOOK{Berish14,
  title={Sputtering by Particle Bombardment \uppercase{III}: Characteristics of Sputtered Particles, Technical Applications},
  author={Behrisch, R. and Wittmaack, K.},
  year={2014},
  publisher={Springer},
  language = "english"
}

@BOOK{Komnik78,
	title = "Физика металлических пленок",
	author = "Комник, Ю. Ф.",
	address = "М.",
	publisher = "Атоимздат",
	year = 1978,
	pages = 576,
	language = "russian"
}

@BOOK{Hirs66,
	title = "Испарение и конденсация",
	author = "Хирс, Д. and Паунд, Г.",
	address = "М.",
	publisher = "Металлургия",
	year = 1966,
	pages = 195,
	language = "russian"
}

@BOOK{Akishin83,
	title = "Воздействие окружающей среды на материалы космических аппаратов",
	author = "Акишин, А. И. and Новиков, Л. С.",
	address = "М.",
	publisher = "Знание",
	year = 1983,
	pages = 64,
	language = "russian"
}
	
@BOOK{Nikolaev80,
	title = "Диффузия в мембранах",
	author = "Николаев, Н. И.",
	address = "М.",
	publisher = "Химия",
	year = 1980,
	pages = 232,
	language = "russian"
}

@BOOK{Reitlinger74,
	title = "Проницаемость полимерных материалов",
	author = "Рейтлингер, С. А.",
	address = "М.",
	publisher = "Химия",
	year = 1974,
	language = "russian"
}

@BOOK{Andersson99,
  title={Towards the rational design of molecularly imprinted polymers},
  author={Andersson, H. S.},
  year={1999},
  publisher={Lund University},
  language = "english"
}

@Article{Khizhik20,
  author = {Хижик, А. И. and Винтайкин, И. Б.},
  title = {Влияние вида воздействующего излучения на потерю массы полимерного материала},
  journal = {Учен. зап. физ. фак-та Моск. ун-та.},
  year = {2020},
  number = {2},
  language = {russian}
}

@article{Kirkwood60,
  title={Flow equations and frames of reference for isothermal diffusion in liquids},
  author={Kirkwood, J. G. and Baldwin, R. L. and Dunlop, P. J. and Gosting, L. J. and Kegeles, G.},
  journal={The Journal of Chemical Physics},
  volume={33},
  number={5},
  pages={1505--1513},
  year={1960},
  publisher={American Institute of Physics},
  language={english}
}

@article{Bearman61,
  title={On the molecular basis of some current theories of diffusion1},
  author={Bearman, R. J.},
  journal={The Journal of Physical Chemistry},
  volume={65},
  number={11},
  pages={1961--1968},
  year={1961},
  publisher={ACS Publications},
  language={english}
}

@Article{Vasenin63,
  title={Адгезия полимеров: Сборник},
  author={Васенин, РМ},
  journal={М.: Изд. АН СССР},
  year={1963},
  language = {russian}
}

@Article{Bueche62,
  title={Rate and Pressure Effects in Polymers and Other Glass-Forming Substances},
  author={Bueche, F.},
  journal={The Journal of Chemical Physics},
  volume={36},
  number={11},
  pages={2940--2946},
  year={1962},
  publisher={American Institute of Physics},
  language={english}
}

@Article{Fick55,
  title={Ueber diffusion},
  author={Fick, A.},
  journal={Annalen der Physik},
  volume={170},
  number={1},
  pages={59--86},
  year={1855},
  publisher={Wiley Online Library},
  language={english}
}

@Article{Carslaw59,
  title={Conduction of heat in solids},
  author={Carslaw, H. S. and Jaeger, J. C.},
  journal={Oxford: Clarendon Press, 2nd ed.},
  year={1959}
}

@Article{Mosbach96,
  title={The emerging technique of molecular imprinting and its future impact on biotechnology},
  author={Mosbach, K. and Ramstr{\"o}m, O.},
  journal={Bio/technology},
  volume={14},
  number={2},
  pages={163--170},
  year={1996},
  publisher={Nature Publishing Group},
  language={english}
}

@Article{Pham09,
  title={The bees algorithm: modelling foraging behaviour to solve continuous optimization problems},
  author={Pham, Duc Truong and Castellani, Michele},
  journal={Proceedings of the Institution of Mechanical Engineers, Part C: Journal of Mechanical Engineering Science},
  volume={223},
  number={12},
  pages={2919--2938},
  year={2009},
  publisher={SAGE Publications Sage UK: London, England},
  language={english}
}

@Article{Hilal02,
  title={Characterization of molecularly imprinted composite membranes using an atomic force microscope},
  author={Hilal, N. and Kochkodan, V. and Al-Khatib, L. and Busca, G.},
  journal={Surface and Interface Analysis: An International Journal devoted to the development and application of techniques for the analysis of surfaces, interfaces and thin films},
  volume={33},
  number={8},
  pages={672--675},
  year={2002},
  publisher={Wiley Online Library},
  language={english}
}

@Article{Paredes03,
  title={Application of scanning tunneling and atomic force microscopies to the characterization of microporous and mesoporous materials},
  author={Paredes, J. I. and Mart{\i}nez-Alonso, A. and Tasc{\'o}n, J. M. D.},
  journal={Microporous and mesoporous materials},
  volume={65},
  number={2-3},
  pages={93--126},
  year={2003},
  publisher={Elsevier},
  language={english}
}

@Article{Collins57,
  title={Activation energy of the eyring theory of liquid viscosity and diffusion},
  author={Collins, F. C.},
  journal={The Journal of Chemical Physics},
  volume={26},
  number={2},
  pages={398--400},
  year={1957},
  publisher={American Institute of Physics},
  language={english}
}

@Article{Ansell96,
  title={Towards artificial antibodies prepared by molecular imprinting},
  author={Ansell, R. J. and Ramstr{\"o}m, O. and Mosbach, K.},
  journal={Clinical chemistry},
  volume={42},
  number={9},
  pages={1506--1512},
  year={1996},
  publisher={Oxford University Press},
  language={english}
}

@Article{Klein99,
  title={Template-mediated synthesis of a polymeric receptor specific to amino acid sequences},
  author={Klein, J. U. and Whitcombe, M. J. and Mulholland, F. and Vulfson, E. N.},
  journal={Angewandte Chemie International Edition},
  volume={38},
  number={13-14},
  pages={2057--2060},
  year={1999},
  publisher={Wiley Online Library},
  language={english}
}

@Article{Umpleby04,
  title={Characterization of the heterogeneous binding site affinity distributions in molecularly imprinted polymers},
  author={Umpleby, R. J. and Baxter, S. C. and Rampey, A. M. and Rushton, G. T. and Chen, Y. and Shimizu, K. D.},
  journal={Journal of Chromatography B},
  volume={804},
  number={1},
  pages={141--149},
  year={2004},
  publisher={Elsevier},
  language={english}
}

@Article{Pham05,
  title={The bees algorithm},
  author={Pham, D. T. and Ghanbarzadeh, A. and Koc, E. and Otri, S. and Rahim, S. and Zaidi, M.},
  journal={Technical Note, Manufacturing Engineering Centre, Cardiff University, UK},
  year={2005},
  language = "english"
}

@Article{Chirov05,
	author = "Чиров, А. А.",
	title = "Метод определения критических условий конденсации металлов на твердой поверхности различных материалов",
	journal = "Поверхность, рентгеновские, синхротронные и нейтронные исследования",
	year = 2005,
	number = 7,
	pages = "53--59",
	language = "russian"
}

@Article{Gendrikson06,
	author = "Гендр, А. А.",
	title = "Метод определения критических условий конденсации металлов на твердой поверхности различных материалов",
	journal = "Поверхность, рентгеновские, синхротронные и нейтронные исследования",
	year = 2005,
	number = 7,
	pages = "53--59",
	language = "russian"
}

@Article{Gendrikson06,
  title={Молекулярно импринтированные полимеры и их применение в биохимическом анализе},
  author={Гендриксон, О. Д. and Жердев, А. В. and Дзантиев, Б. Б.},
  journal={Успехи биологической химии},
  volume={46},
  pages={149--192},
  year={2006},
  language={russian}
}

@Article{Haupt00,
  title={Molecularly imprinted polymers and their use in biomimetic sensors},
  author={Haupt, K. and Mosbach, K.},
  journal={Chemical reviews},
  volume={100},
  number={7},
  pages={2495--2504},
  year={2000},
  publisher={ACS Publications},
  language={english}
}

@Article{Sellergren85,
  title={Molecular imprinting of amino acid derivatives in macroporous polymers: Demonstration of substrate-and enantio-selectivity by chromatographic resolution of racemic mixtures of amino acid derivatives},
  author={Sellergren, B. and Ekberg, B. and Mosbach, K.},
  journal={Journal of chromatography A},
  volume={347},
  pages={1--10},
  year={1985},
  publisher={Elsevier},
  language={english}
}

@Article{Wulff95,
  title={Molecular imprinting in cross-linked materials with the aid of molecular templates -- a way towards artificial antibodies},
  author={Wulff, G.},
  journal={Angewandte Chemie International Edition in English},
  volume={34},
  number={17},
  pages={1812--1832},
  year={1995},
  publisher={Wiley Online Library},
  language={english}
}

@Article{Dunkin93,
  title={Molecular imprinting of flat polycondensed aromatic molecules in macroporous polymers},
  author={Dunkin, I. R. and Lenfeld, J. and Sherrington, D. C.},
  journal={Polymer},
  volume={34},
  number={1},
  pages={77--84},
  year={1993},
  publisher={Elsevier},
  language={english}
}

@Article{Nicholls95,
  title={Insights into the role of the hydrogen bond and hydrophobic effect on recognition in molecularly imprinted polymer synthetic peptide receptor mimics},
  author={Nicholls, I. A. and Ramstr{\"o}m, O. and Mosbach, K.},
  journal={Journal of Chromatography A},
  volume={691},
  number={1-2},
  pages={349--353},
  year={1995},
  publisher={Elsevier},
  language={english}
}

@Article{Andersson90,
  title={Enantiomeric resolution on molecularly imprinted polymers prepared with only non-covalent and non-ionic interactions},
  author={Andersson, L. I. and Mosbach, K.},
  journal={Journal of Chromatography A},
  volume={516},
  number={2},
  pages={313--322},
  year={1990},
  publisher={Elsevier},
  language={english}
}

@Article{Liron97,
	author = "Liron, Z. and Kaushansky, N. and Frishman, G. and Kaplan, D. and Greenblatt, J.",
	title = "The Polymer-Coated \uppercase{SAW} Sensor as a Gravimetric Sensor",
	journal = "Anal. Chem.",
	year = 1997,
	number = 69,
	pages = "2848--2854",
	language = "english"
}

@Article{Simons72,
	author = "Simons, G. A.",
	title = "Effect of nozzle boundary layers on rocket exhaust plum",
	journal = "AIAA Journal",
	year = 1972,
	number = 11,
    volume = {10},
	pages = "1534--1535",
	language = "english"
}

@Article{Bondarev86,
	author = "Бондарев, E. H. and Бургасов, М. П. and Васильев, И. А. and Кокорев, А. С.",
	title = "Поле плотности струи вязкого газа, истекающего из конического сопла в вакуум",
	journal = "Механика жидкости и газа",
	year = 1986,
	number = 3,
	pages = "25--30",
	language = "russian"
}

@Article{Hall85,
  author = {Hall, D. and Stewart, T. and Hayes, R.},
  title = {Photo-enhanced spacecraft contamination deposition},
  journal = {European Symposium on Spacecraft Materials in Space Environment},
  year = {1985},
  pages = "39--74",
  language = "english"
}

@article{Ounougha94,
  title={Contamination modelling in space environment},
  author={Ounougha, L. and Cheoux-Damas, P. and Theroude, C.},
  journal={ESA SP},
  volume={368},
  pages={45--45},
  year={1994},
  publisher={ESA},
  language = "english"
}

@inproceedings{Osantowski83,
  title={Contamination sensitivity of typical mirror coatings -- a parametric study},
  author={Osantowski, J. F.},
  booktitle={Spacecraft contamination environment},
  volume={338},
  pages={80--87},
  year={1983},
  organization={International Society for Optics and Photonics},
  language = "english"
}

@inproceedings{Crank47,
  title={A practical method for numerical evaluation of solutions of partial differential equations of the heat-conduction type},
  author={Crank, J. and Nicolson, P.},
  booktitle={Mathematical Proceedings of the Cambridge Philosophical Society},
  volume={43},
  number={1},
  pages={50--67},
  year={1947},
  organization={Cambridge University Press},
  language = "english"
}

@Article{Bass85,
	author = "Басс, В. П. and Бразинский, В. И. and Карягин, В. П. and Ковтуненко, В. М. and Холодов, С.М. and Шабалин, А. В.",
	title = "Расчет газовой обстановки около аппарата «Вега» во время пролета комы. Аэродинамика, тепло- и массообмен в разреженном газе",
	journal = "Труды VIII Всесоюз. конференции по динамике разреженных газов",
	year = 1985,
	address = "М.",
	pages = "3--7",
	language = "russian"
}

@Article{Kostuk02,
  title={К вопросу моделирования газовыделения материалами покрытий КА при термовакуумном воздействии},
  author={Костюк, В. И. and Хасаншин, Р. Х.},
  journal={Космонавтика и ракетостроение},
  volume={3},
  pages={28},
  year={2002},
  language = "russian"
}

@Article{Khas15,
  title={Study of mass loss of \uppercase{EKOM}-1 thermal control coating under electron and proton radiations},
  author={Khasanshin, R. H. and Galygin, A. N. and Novikov, L. S.},
  journal={Advances in Space Research},
  volume={56},
  number={11},
  pages={2669--2674},
  year={2015},
  publisher={Elsevier},
  language = "english"
}

@Article{Khas14,
    author={Хасаншин, Р. Х. and Новиков, Л. С.},
    title={Изменения спектра пропускания стекла марки К-208 под действием ионизирующих излучений и молекулярных потоков},
    journal={Поверхность. Рентгеновские, синхротронные и нейтронные исследования},
    number={7},
    pages={83--83},
    year={2014},
    publisher={РАН},
    language = "russian"
}

@Article{Khas12,
  author = {Khassanchine, R. H. and Timofeev, A. N. and Galygin, A. N. and Kostiuk, V. I.},
  journal = {Journal of Spacecraft and Rockets},
  volume = {43},
  issue = {3},
  numpages = {509},
  year = {2006},
  language = "english"
}

@Article{Khas11,
  author = {Khassanchine, R. H. and Timofeev, A. N. and Grigorevskiy, A. V. and Galygin, A. N.},
  journal = {Journal of Spacecraft and Rockets},
  volume = {43},
  issue = {2},
  pages = {410},
  year = {2006},
  language = "english"
}

@Article{Khas09,
  title={On effect of electron radiation intensity on mass loss of polymeric composite},
  author={Khasanshin, R. H.},
  journal={Problems of atomic science and technology},
  volume={1},
  pages={22--27},
  year={2009},
  language = "english"
}

@inproceedings{Khas09i,
  title={Influence of space radiation on the outgassing rate of a patterned polymeric composite in vacuum},
  author={Khasanshin, R. H. and Timofeev, A. N. and Ivanov, M. F.},
  booktitle={AIP Conference Proceedings},
  volume={1087},
  pages={672--679},
  year={2009},
  organization={American Institute of Physics}
}

@Article{Khas08,
  title={Effect of radiation on mass loss rate of polymeric composite for outgassing in vacuum},
  author={Khasanshin, R. H.},
  journal={Problems of atomic science and technology},
  volume={1},
  pages={18--23},
  year={2008},
  language = "english"
}

@Article{Khas06,
  title={Influence of \uppercase{UV} radiation on outgassing of polymeric composites},
  author={Khassanchine, R. H. and Timofeev, A. N. and Grigorevskiy, A. V. and Galygin, A. N.},
  journal={Journal of spacecraft and rockets},
  volume={43},
  number={2},
  pages={410--413},
  year={2006},
  language = "english"
}

@Article{Khas06i,
  title={Simulation of electron radiation on outgassing of spacecraft materials},
  author={Khassanchine, R. H. and Timofeev, A. N. and Galygin, A. N. and Kostiuk, V. I.},
  journal={Journal of spacecraft and rockets},
  volume={43},
  number={3},
  pages={509--513},
  year={2006}
}
